<record><leader>00000cas a2200000 a 4500</leader><controlfield tag="001">10365826</controlfield><controlfield tag="008">840202c19229999msudn ne      0   a0eng  </controlfield><controlfield tag="009">466</controlfield><datafield ind1=" " ind2=" " tag="010"><subfield code="a">sn 84020125 </subfield><subfield code="z">sn 84007835 </subfield></datafield><datafield ind1=" " ind2=" " tag="040"><subfield code="a">DLC</subfield><subfield code="b">eng</subfield><subfield code="c">DLC</subfield><subfield code="d">OCL</subfield><subfield code="d">MSJ</subfield><subfield code="d">DLC</subfield><subfield code="d">OCL</subfield><subfield code="d">NSD</subfield><subfield code="d">DLC</subfield><subfield code="d">OCLCQ</subfield><subfield code="d">OCLCO</subfield><subfield code="d">OCLCF</subfield></datafield><datafield ind1=" " ind2=" " tag="019"><subfield code="a">10261836</subfield></datafield><datafield ind1=" " ind2=" " tag="022"><subfield code="a">0746-7729</subfield><subfield code="l">0746-7729</subfield><subfield code="2">1</subfield></datafield><datafield ind1="1" ind2=" " tag="029"><subfield code="a">AU@</subfield><subfield code="b">000020419987</subfield></datafield><datafield ind1=" " ind2=" " tag="032"><subfield code="a">142320</subfield><subfield code="b">USPS</subfield></datafield><datafield ind1=" " ind2=" " tag="037"><subfield code="a">Commercial Dispatch, P.O. Box 511, Columbus, MS 39703</subfield></datafield><datafield ind1=" " ind2=" " tag="042"><subfield code="a">nsdp</subfield><subfield code="a">pcc</subfield></datafield><datafield ind1=" " ind2=" " tag="043"><subfield code="a">n-us-ms</subfield></datafield><datafield ind1="0" ind2="0" tag="050"><subfield code="a">Newspaper</subfield></datafield><datafield ind1=" " ind2="4" tag="222"><subfield code="a">The commercial dispatch</subfield></datafield><datafield ind1="0" ind2="4" tag="245"><subfield code="a">The commercial dispatch.</subfield></datafield><datafield ind1=" " ind2=" " tag="260"><subfield code="a">Columbus, Miss. :</subfield><subfield code="b">Commercial Dispatch Pub. Co.,</subfield><subfield code="c">1922-</subfield></datafield><datafield ind1=" " ind2=" " tag="300"><subfield code="a">v.</subfield></datafield><datafield ind1=" " ind2=" " tag="310"><subfield code="a">Daily (except Saturday),</subfield><subfield code="b">192&lt;7&gt;-</subfield></datafield><datafield ind1=" " ind2=" " tag="321"><subfield code="a">Semiweekly,</subfield><subfield code="b">Mar. 12, 1922-192&lt;6&gt;</subfield></datafield><datafield ind1="0" ind2=" " tag="362"><subfield code="a">42nd year (Mar. 12, 1922)-</subfield></datafield><datafield ind1=" " ind2=" " tag="580"><subfield code="a">Merger of: Columbus commercial, and: Columbus dispatch (Columbus, Miss. : 1919).</subfield></datafield><datafield ind1=" " ind2="0" tag="651"><subfield code="a">Lowndes County (Miss.)</subfield><subfield code="v">Newspapers.</subfield></datafield><datafield ind1=" " ind2="0" tag="651"><subfield code="a">Columbus (Miss.)</subfield><subfield code="v">Newspapers.</subfield></datafield><datafield ind1=" " ind2="7" tag="655"><subfield code="a">Newspapers.</subfield><subfield code="2">fast</subfield><subfield code="0">(OCoLC)fst01423814</subfield></datafield><datafield ind1=" " ind2="7" tag="651"><subfield code="a">Mississippi</subfield><subfield code="z">Columbus.</subfield><subfield code="2">fast</subfield><subfield code="0">(OCoLC)fst01210803</subfield></datafield><datafield ind1=" " ind2="7" tag="651"><subfield code="a">Mississippi</subfield><subfield code="z">Lowndes County.</subfield><subfield code="2">fast</subfield><subfield code="0">(OCoLC)fst01209811</subfield></datafield><datafield ind1=" " ind2=" " tag="752"><subfield code="a">United States</subfield><subfield code="b">Mississippi</subfield><subfield code="c">Lowndes</subfield><subfield code="d">Columbus.</subfield></datafield><datafield ind1="1" ind2="4" tag="780"><subfield code="t">Columbus commercial</subfield><subfield code="w">(OCoLC)15049956</subfield><subfield code="w">(DLC)sn 87065028</subfield></datafield><datafield ind1="1" ind2="4" tag="780"><subfield code="t">Columbus dispatch (Columbus, Miss. : 1919)</subfield><subfield code="w">(OCoLC)15050737</subfield><subfield code="w">(DLC)sn 87065031</subfield></datafield><datafield ind1=" " ind2=" " tag="936"><subfield code="a">121st year, no. 95 (Aug. 16, 2000) LIC</subfield></datafield></record>